<record><leader>00000cas a2200000 a 4500</leader><controlfield tag="001">11219224</controlfield><controlfield tag="008">841002d19001902ksu x ne      0   a0eng d</controlfield><datafield ind1=" " ind2=" " tag="010"><subfield code="a">sn 84030146 </subfield></datafield><datafield ind1=" " ind2=" " tag="040"><subfield code="a">KSH</subfield><subfield code="b">eng</subfield><subfield code="c">KSH</subfield><subfield code="d">NPT</subfield><subfield code="d">OCL</subfield><subfield code="d">OCLCQ</subfield></datafield><datafield ind1=" " ind2=" " tag="042"><subfield code="a">msc</subfield></datafield><datafield ind1="0" ind2=" " tag="130"><subfield code="a">Searchlight (Howard, Kan.)</subfield></datafield><datafield ind1="1" ind2="4" tag="245"><subfield code="a">The searchlight.</subfield></datafield><datafield ind1="3" ind2="0" tag="246"><subfield code="a">Howard searchlight</subfield></datafield><datafield ind1=" " ind2=" " tag="260"><subfield code="a">Howard, Kan. :</subfield><subfield code="b">[Mrs. J.A. McHenry],</subfield><subfield code="c">-1902.</subfield></datafield><datafield ind1=" " ind2=" " tag="300"><subfield code="a">v. :</subfield><subfield code="b">ill. ;</subfield><subfield code="c">30-51 cm.</subfield></datafield><datafield ind1=" " ind2=" " tag="310"><subfield code="a">Irregular</subfield></datafield><datafield ind1="0" ind2=" " tag="362"><subfield code="a">-v. 1, no. 11 (May 1902).</subfield></datafield><datafield ind1="1" ind2=" " tag="362"><subfield code="a">Began in 1900.</subfield></datafield><datafield ind1=" " ind2=" " tag="500"><subfield code="a">Published as: Howard searchlight, May 1901-May 1902.</subfield></datafield><datafield ind1=" " ind2=" " tag="500"><subfield code="a">"Devoted to temperance."</subfield></datafield><datafield ind1=" " ind2=" " tag="588"><subfield code="a">Description based on: Vol. 1, no. 2 (Sept. 1900).</subfield></datafield><datafield ind1=" " ind2=" " tag="752"><subfield code="a">United States</subfield><subfield code="b">Kansas</subfield><subfield code="c">Elk</subfield><subfield code="d">Howard.</subfield></datafield><datafield ind1="0" ind2="0" tag="785"><subfield code="t">Kansas searchlight</subfield><subfield code="w">(DLC)sn 84030145</subfield></datafield></record>